@InCollection{sep-dialetheism,
	author       =	{Priest, Graham and Berto, Francesco},
	title        =	{Dialetheism},
	booktitle    =	{The Stanford Encyclopedia of Philosophy},
	editor       =	{Edward N. Zalta},
	url					 =	{http://plato.stanford.edu/archives/sum2013/entries/dialetheism/},
	year         =	{2013},
	edition      =	{Summer 2013}
}

@Techreport{chvatal,
	author			= {Chvátal, Vašek},
	title				= {On the computational complexity of finding a kernel. Technical Report CRM-300},
	institution = {Centre de Recherches Mathématiques, Univeristé de Montréal},
	year				= {1973},
}

@Article{cook,
	author			= {Cook, Roy T.},
	title				= {Patterns of paradox},
	journal			= {The Journal of Symbolic Logic},
	volume			= {69(3)},
	pages				= {767-774},
	year				= {2004},
}

@Article{dm-kernels,
	author			= {Dyrkolbotn, Sjur and Walicki, Michał},
	title				= {Kernels in digraphs that are not kernel perfect},
	journal			= {Discrete Mathematics},
	volume			= {312},
	pages				= {2489-2505},
	year				= {2012}
}

@Article{apal-digraph,
	author			= {Bezem, Marc and Grabmeyer, Clemens and Walicki, Michał},
	title				= {Expressive power of digraph solvability},
	journal			= {Annals of Pure and Applied Logic},
	volume			= {163},
	pages				= {200-213},
	year				= {2012}
}

@Article{am-richardson,
	author			= {Richardson, Moses},
	title				= {Solutions of irreflexive relations},
	journal			= {The Annals of Mathematics, Second Series},
	volume			= {58(3)},
	pages				= {573-590},
	year				= {1953}
}

@Article{analysis-yablo,
	author			= {Yablo, Stephen},
	title				= {Paradox without self-reference},
	journal			= {Analysis},
	volume			= {53(4)},
	pages				= {251-252},
	year				= {1993}
}
